@article{DBLP:journals/corr/KlambauerUMH17,
  author    = {G{\"{u}}nter Klambauer and
               Thomas Unterthiner and
               Andreas Mayr and
               Sepp Hochreiter},
  title     = {Self-Normalizing Neural Networks},
  journal   = {CoRR},
  volume    = {abs/1706.02515},
  year      = {2017},
  url       = {http://arxiv.org/abs/1706.02515},
  archivePrefix = {arXiv},
  eprint    = {1706.02515},
  timestamp = {Mon, 03 Jul 2017 13:29:02 +0200},
  biburl    = {https://dblp.org/rec/bib/journals/corr/KlambauerUMH17},
  bibsource = {dblp computer science bibliography, https://dblp.org}
}